@INPROCEEDINGS{5164334,
  author={Thuy, Michael and Puente Leon, Fernando},
  booktitle={2009 IEEE Intelligent Vehicles Symposium}, 
  title={Non-linear, shape independent object tracking based on 2D lidar data}, 
  year={2009},
  volume={},
  number={},
  pages={532-537},
  doi={10.1109/IVS.2009.5164334}}
